<record><leader>00000cas a22000007a 4500</leader><controlfield tag="001">19841287</controlfield><controlfield tag="008">890609d19181925moudn ne      0    0eng d</controlfield><datafield ind1=" " ind2=" " tag="010"><subfield code="a">sn 89066602 </subfield></datafield><datafield ind1=" " ind2=" " tag="040"><subfield code="a">MQN</subfield><subfield code="b">eng</subfield><subfield code="c">MQN</subfield><subfield code="d">OCLCQ</subfield></datafield><datafield ind1=" " ind2=" " tag="042"><subfield code="a">msc</subfield></datafield><datafield ind1="0" ind2=" " tag="130"><subfield code="a">Cape Girardeau southeast Missourian (Cape Girardeau, Mo. : Daily)</subfield></datafield><datafield ind1="1" ind2="0" tag="245"><subfield code="a">Cape Girardeau southeast Missourian.</subfield></datafield><datafield ind1=" " ind2=" " tag="260"><subfield code="a">Cape Girardeau [Mo.] :</subfield><subfield code="b">Naeter Bros.,</subfield><subfield code="c">1918-1925.</subfield></datafield><datafield ind1=" " ind2=" " tag="300"><subfield code="a">v.</subfield></datafield><datafield ind1=" " ind2=" " tag="310"><subfield code="a">Daily (except Sun.)</subfield></datafield><datafield ind1="0" ind2=" " tag="362"><subfield code="a">Vol. 17, no. 125 (Mar. 1, 1918)-v. 23, no. 259 (Sept. 10, 1925).</subfield></datafield><datafield ind1=" " ind2=" " tag="580"><subfield code="a">Issued also in weekly ed.: Cape Girardeau southeast Missourian (Cape Girardeau, Mo. : Weekly), Mar. 8, 1918-Jan. 6, 1921&gt;.</subfield></datafield><datafield ind1=" " ind2="4" tag="651"><subfield code="a">Cape Girardeau (Mo.)</subfield><subfield code="v">Newspapers.</subfield></datafield><datafield ind1=" " ind2=" " tag="752"><subfield code="a">United States</subfield><subfield code="b">Missouri</subfield><subfield code="c">Cape Girardeau</subfield><subfield code="d">Cape Girardeau.</subfield></datafield><datafield ind1="1" ind2=" " tag="775"><subfield code="t">Cape Girardeau southeast Missourian (Cape Girardeau, Mo. : Weekly)</subfield><subfield code="w">(DLC)sn 89066605</subfield></datafield><datafield ind1="0" ind2="0" tag="780"><subfield code="t">Daily republican (Cape Girardeau, Mo.)</subfield><subfield code="w">(DLC)sn 89066603</subfield></datafield><datafield ind1="0" ind2="0" tag="785"><subfield code="t">Southeast Missourian (Cape Girardeau, Mo. : 1925)</subfield><subfield code="w">(DLC)sn 83004583</subfield></datafield><datafield ind1="1" ind2=" " tag="029"><subfield code="a">AU@</subfield><subfield code="b">000020551180</subfield></datafield></record>